<record><leader>00000cas a22000007a 4500</leader><controlfield tag="001">19244530</controlfield><controlfield tag="008">890221d18761880pauwr ne      0    0eng d</controlfield><datafield ind1=" " ind2=" " tag="010"><subfield code="a">sn 89077179 </subfield></datafield><datafield ind1=" " ind2=" " tag="040"><subfield code="a">NPH</subfield><subfield code="b">eng</subfield><subfield code="c">NPH</subfield><subfield code="d">OCLCQ</subfield></datafield><datafield ind1=" " ind2=" " tag="042"><subfield code="a">msc</subfield></datafield><datafield ind1="0" ind2="4" tag="245"><subfield code="a">The Lancaster weekly examiner and express.</subfield></datafield><datafield ind1="1" ind2="7" tag="246"><subfield code="a">Examiner and express</subfield></datafield><datafield ind1="1" ind2="7" tag="246"><subfield code="a">Weekly examiner and express</subfield></datafield><datafield ind1=" " ind2=" " tag="260"><subfield code="a">Lancaster, Pa. :</subfield><subfield code="b">John A. Hiestand,</subfield><subfield code="c">-1880.</subfield></datafield><datafield ind1=" " ind2=" " tag="300"><subfield code="a">v.</subfield></datafield><datafield ind1=" " ind2=" " tag="310"><subfield code="a">Weekly</subfield></datafield><datafield ind1="1" ind2=" " tag="362"><subfield code="a">Began in Dec. 1876.</subfield></datafield><datafield ind1="0" ind2=" " tag="362"><subfield code="a">-Express, v. 38, no. 16 (Apr. 14, 1880) = -Examiner, v. 54, no. 22.</subfield></datafield><datafield ind1=" " ind2=" " tag="500"><subfield code="a">Occasional supplements available.</subfield></datafield><datafield ind1=" " ind2=" " tag="515"><subfield code="a">Issues for &lt;Jan. 1, 1879&gt; called also &lt;Express, v. 27, no. 1&gt;.</subfield></datafield><datafield ind1=" " ind2=" " tag="588"><subfield code="a">Description based on: Examiner, v. 53, no. 7 (Jan. 1, 1879).</subfield></datafield><datafield ind1=" " ind2=" " tag="752"><subfield code="a">United States</subfield><subfield code="b">Pennsylvania</subfield><subfield code="c">Lancaster</subfield><subfield code="d">Lancaster.</subfield></datafield><datafield ind1="0" ind2=" " tag="775"><subfield code="t">Daily examiner and express</subfield><subfield code="w">(DLC)sn 86071878</subfield></datafield><datafield ind1="0" ind2="4" tag="780"><subfield code="t">Lancaster examiner and herald</subfield><subfield code="w">(DLC)sn 85038427</subfield></datafield><datafield ind1="0" ind2="4" tag="780"><subfield code="t">Weekly express (Lancaster, Pa.)</subfield><subfield code="w">(DLC)sn 83032296</subfield></datafield><datafield ind1="0" ind2="0" tag="785"><subfield code="t">Lancaster weekly examiner</subfield><subfield code="w">(DLC)sn 87080012</subfield></datafield></record>